Benutzung: https://github.com/hampoelz/HTL_LaTeX-Template/wiki/02-Benutzung#literaturverwaltung

@misc{template:latex,
  author       = {Rene Hampölz},
  title        = {HTL Weiz LaTeX Vorlage für Diplomarbeiten},
  year         = {2023},
  publisher    = {GitHub},
  howpublished = {\url{https://github.com/hampoelz/HTL_Thesis-Template}}
}

@misc{intro:nodejs,
  author       = {Tobias Schmidt},
  title        = {Was ist eigentlich Node.js?},
  year         = {2023},
  publisher    = {Mittwald},
  howpublished = {\url{https://www.mittwald.de/blog/hosting/was-ist-eigentlich-node-js}},
  note         = {[Online; Abgerufen am 11. September 2023]}
}

@misc{intro:framework,
  author       = {Jesko Landwehr},
  title        = {Was ist ein Framework?},
  year         = {2023},
  publisher    = {IT-Talents},
  howpublished = {\url{https://it-talents.de/it-wissen/framework}},
  note         = {[Online; Abgerufen am 11. September 2023]}
}

@misc{electron,
  author       = {{OpenJS Foundation} and {Electron Beitragende}},
  title        = {Electron},
  year         = {2023},
  howpublished = {\url{https://www.electronjs.org}},
  note         = {[Online; Abgerufen am 11. September 2023]}
}

@misc{electron:docs,
  author       = {{GitHub Inc.} and {Electron Beitragende}},
  title        = {Electron},
  year         = {2023},
  publisher    = {GitHub},
  howpublished = {\url{https://github.com/electron/electron}},
  note         = {[Online; Abgerufen am 4. September 2023]}
}

@misc{capacitor,
  author       = {{Drifty Co.} and {Capacitor Beitragende}},
  title        = {Capacitor by Ionic},
  year         = {2023},
  howpublished = {\url{https://capacitorjs.com}},
  note         = {[Online; Abgerufen am 11. September 2023]}
}

@misc{capacitor:docs,
  author       = {{Drifty Co.} and {Capacitor Beitragende}},
  title        = {Capacitor Docs},
  year         = {2023},
  publisher    = {GitHub},
  howpublished = {\url{https://github.com/ionic-team/capacitor-docs}},
  note         = {[Online; Abgerufen am 3. September 2023]}
}

@misc{capacitor:plugins,
  author       = {{Drifty Co.} and {Ionic} and {Capacitor Beitragende}},
  title        = {Capacitor Plugins},
  year         = {2023},
  publisher    = {GitHub},
  howpublished = {\url{https://github.com/ionic-team/capacitor-plugins}},
  note         = {[Online; Abgerufen am 11. September 2023]}
}

@misc{capacitor-electron,
  author       = {Mike Summerfeldt},
  title        = {Capacitor-Community Electron Platform},
  year         = {2023},
  publisher    = {GitHub},
  howpublished = {\url{https://github.com/capacitor-community/electron}},
  note         = {[Online; Abgerufen am 3. September 2023]}
}

@misc{xcode:support,
  author       = {{Apple Inc.}},
  title        = {Xcode --- Support},
  year         = {2023},
  publisher    = {Apple Developer},
  howpublished = {\url{https://developer.apple.com/support/xcode}},
  note         = {[Online; Abgerufen am 2. September 2023]}
}

@misc{nodejs,
  author       = {{Node.js Beitragende}},
  title        = {Node.js},
  year         = {2023},
  publisher    = {GitHub},
  howpublished = {\url{https://github.com/nodejs/node}},
  note         = {[Online; Abgerufen am 2. September 2023]}
}

@misc{nodejs-mobile,
  author       = {{Janea Systems Inc.} and {Node.js for Mobile Apps Beitragende} and {Node.js Beitragende}},
  title        = {Node.js for Mobile Apps},
  year         = {2023},
  publisher    = {GitHub},
  howpublished = {\url{https://github.com/nodejs-mobile/nodejs-mobile}},
  note         = {[Online; Abgerufen am 2. September 2023]}
}

@misc{nodejs-mobile:docs,
  author       = {{Janea Systems Inc.}},
  title        = {Node.js for Mobile Apps},
  year         = {2021},
  howpublished = {\url{https://code.janeasystems.com/nodejs-mobile}},
  note         = {[Online; Abgerufen am 2. September 2023]}
}

@misc{nodejs-mobile-cordova,
  author       = {{Janea Systems Inc.} and {Node.js for Mobile Apps Beitragende}},
  title        = {Node.js for Mobile Apps Cordova Plugin},
  year         = {2021},
  publisher    = {GitHub},
  howpublished = {\url{https://github.com/nodejs-mobile/nodejs-mobile-cordova}},
  note         = {[Online; Abgerufen am 2. September 2023]}
}

@misc{deno,
  author       = {{Deno Beitragende}},
  title        = {Deno},
  year         = {2023},
  publisher    = {GitHub},
  howpublished = {\url{https://github.com/denoland/deno}},
  note         = {[Online; Abgerufen am 11. September 2023]}
}

@misc{bun,
  author       = {{Bun Beitragende}},
  title        = {Bun},
  year         = {2023},
  publisher    = {GitHub},
  howpublished = {\url{https://github.com/oven-sh/bun}},
  note         = {[Online; Abgerufen am 11. September 2023]}
}

@misc{android:ndk,
  author       = {{Google Inc.}},
  title        = {Android NDK},
  year         = {2023},
  publisher    = {Android Developers},
  howpublished = {\url{https://developer.android.com/ndk}},
  note         = {[Online; Abgerufen am 2. September 2023]}
}

@misc{android:api,
  author       = {{Google Inc.}},
  title        = {Android API reference},
  year         = {2023},
  publisher    = {Android Developers},
  howpublished = {\url{https://developer.android.com/reference}},
  note         = {[Online; Abgerufen am 4. September 2023]}
}

@misc{ios:api,
  author       = {{Apple Inc.}},
  title        = {Technologies --- Apple Developer Documentation},
  year         = {2023},
  publisher    = {Apple Developer},
  howpublished = {\url{https://developer.apple.com/documentation/technologies}},
  note         = {[Online; Abgerufen am 4. September 2023]}
}

@misc{web:api,
  author       = {{Mozilla Beitragende}},
  title        = {Web APIs --- MDN},
  year         = {2023},
  publisher    = {Mozilla Foundation},
  howpublished = {\url{https://developer.mozilla.org/en-US/docs/Web/API}},
  note         = {[Online; Abgerufen am 10. September 2023]}
}

@misc{npm,
  author       = {{npm Inc.} and {npm Beitragende}},
  title        = {npm --- a JavaScript package manager},
  year         = {2023},
  publisher    = {GitHub},
  howpublished = {\url{https://github.com/npm/cli}},
  note         = {[Online; Abgerufen am 3. September 2023]}
}

@misc{vite,
  author       = {{Yuxi (Evan)} You and {Vite Beitragende}},
  title        = {Vite},
  year         = {2023},
  publisher    = {GitHub},
  howpublished = {\url{https://github.com/vitejs/vite}},
  note         = {[Online; Abgerufen am 3. September 2023]}
}

@misc{rollup,
  author       = {{Rollup Beitragende}},
  title        = {Rollup},
  year         = {2023},
  publisher    = {GitHub},
  howpublished = {\url{https://github.com/rollup/rollup}},
  note         = {[Online; Abgerufen am 3. September 2023]}
}

@misc{rollup-plugins,
  author       = {{Rollup Beitragende}},
  title        = {Rollup Plugins},
  year         = {2023},
  publisher    = {GitHub},
  howpublished = {\url{https://github.com/rollup/plugins}},
  note         = {[Online; Abgerufen am 3. September 2023]}
}

@misc{electron-builder,
  author       = {{Loopline Systems GmbH} and {electron-builder Beitragende}},
  title        = {electron-builder},
  year         = {2023},
  publisher    = {GitHub},
  howpublished = {\url{https://github.com/electron-userland/electron-builder}},
  note         = {[Online; Abgerufen am 3. September 2023]}
}

@misc{stackoverflow,
  author       = {{Stack Overflow Community}},
  title        = {Where Developers Learn, Share, \& Build Careers},
  year         = {2023},
  howpublished = {\url{https://stackoverflow.com}},
  note         = {[Online; Abgerufen am 4. September 2023]}
}

@misc{pico,
  author       = {{Pico Beitragende}},
  title        = {Pico CSS},
  year         = {2023},
  publisher    = {GitHub},
  howpublished = {\url{https://github.com/picocss/pico}},
  note         = {[Online; Abgerufen am 12. September 2023]}
}

@misc{symbols,
  author       = {{Google Inc.}},
  title        = {Material Icons / Material Symbols},
  year         = {2023},
  publisher    = {GitHub},
  howpublished = {\url{https://github.com/google/material-design-icons}},
  note         = {[Online; Abgerufen am 12. September 2023]}
}

@misc{noto,
  author       = {{Google Inc.}},
  title        = {Noto Sans},
  year         = {2023},
  publisher    = {Google Fonts},
  howpublished = {\url{https://fonts.google.com/noto/specimen/Noto+Sans}},
  note         = {[Online; Abgerufen am 12. September 2023]}
}